1848 2429
880 220 907 261 ς.
950 227 981 254 2.

526 298 807 351 Explicationis
833 297 980 350 nostrae
1007 300 1097 340 ordo
1125 299 1334 342 exhibetur.

314 381 554 436 Tras‘tatioqem
570 392 707 424 nostram
722 393 765 427 ita
780 394 964 436 partiemur,
980 400 1016 427 ut
1028 395 1132 437 primo
1147 395 1322 436 generatim
1335 396 1487 439 quaedam
1501 394 1535 428 in
1548 396 1690 430 medium

174 456 366 494 adferamus,
392 464 473 499 quae
491 455 530 486 ad
544 454 671 495 scopum
691 459 724 488 at
747 465 787 489 ue
807 461 1028 498 argumentum
1047 454 1120 489 disti
1141 454 1238 488 nostri
1259 456 1471 500 indagandum
1493 456 1629 497 faciunt,
1653 464 1690 490 ao

174 520 285 554 deinde
298 518 398 560 ipsum
414 522 538 551 textum
557 515 668 549 observ
745 516 825 552 'ibus
841 506 1007 552 nonnullisv
1021 517 1222 554 illustremus..

885 644 912 685 ς.
956 652 986 685 3.

281 711 574 760 Argumentum
606 707 748 759 Psalmi
770 709 989 761 generatim
1003 707 1084 759 sub
1115 706 1346 760 corfflpeffium
1358 707 1582 760 subiicitur.

314 803 346 834 Si
366 800 521 833 Psalmum
538 802 714 842 generatim
730 810 793 833 uno
815 800 900 844 quafi
922 799 1035 833 obtutu
1051 799 1234 841 lustremus,
1260 802 1345 845 quod
1361 802 1394 834 in
1415 800 1504 842 aliis,
1528 801 1583 845 qui
1602 809 1692 842 argn-

174 864 273 900 menti
287 862 394 897 similis
408 862 493 902 sunt,
519 861 718 903 observatur,
744 862 1006 903 deprehendimus
1024 863 1107 897 idem
1120 862 1155 895 in
1168 863 1229 895 hoc
1243 862 1366 902 nostro,
1395 865 1508 904 nempe
1531 861 1691 903 duplicem

173 927 259 960 velut
274 923 378 958 astum
402 925 435 956 in
459 925 516 957 hac
545 922 798 956 sanffiffimarum
821 934 927 956 rerum
949 925 1039 957 scena
1060 922 1144 957 arste
1165 925 1332 966 coniungi,
1356 923 1527 957 tristiorem
1546 923 1692 979 alterum,

175 989 309 1021 alterum
333 987 509 1019 laetiorem.
580 987 656 1017 Eius
674 986 799 1027 generis
817 985 929 1017 Psalmi
944 984 1124 1026 paffionales
1145 986 1307 1026 dicuntur,
1332 986 1405 1030 quia
1426 986 1540 1027 partim
1561 984 1692 1025 moesto,

173 1049 291 1091 partim
307 1048 390 1080 laeto
406 1048 530 1081 dicendi
546 1056 661 1087 genere
677 1045 842 1087 compositi
855 1046 913 1077 esse
930 1045 1040 1079 solent.
1089 1048 1155 1087 Qui
1170 1046 1351 1087 exemplum
1364 1046 1516 1090 requirit,
1540 1046 1691 1086 priorem,

174 1116 296 1152 partem
319 1109 365 1143 Ps.
384 1116 437 1141 22.
463 1117 534 1139 cum
556 1106 655 1138 altera
675 1117 704 1139 v.
724 1115 778 1148 23.
801 1106 951 1161 conf't„
1024 1104 1154 1137 Videbit
1176 1104 1220 1138 ibi
1236 1104 1423 1144 instantem,
1447 1104 1692 1153 graviffimisque

172 1167 462 1216 undiqueUnEinm
483 1165 747 1210 perpeffionibus,
769 1167 820 1199 hic
835 1177 875 1199 ex
892 1165 1114 1209 gristirepente
1128 1164 1350 1199 laetabundum
1372 1177 1409 1200 ac
1427 1168 1693 1210 triumphantem

172 1232 217 1267 ibi
233 1233 339 1264 audiet
358 1230 478 1264 flebiles
501 1241 614 1273 voce8‚
638 1240 793 1270 angorum
816 1229 914 1260 animi
930 1235 962 1261 et
983 1230 1123 1268 summae
1142 1222 1307 1271 αἰδημονιὸκ
1326 1229 1463 1269 indices,
1493 1230 1547 1261 hic
1566 1240 1692 1263 merum

171 1303 309 1336 paeana,
348 1289 637 1335 suaviffimumque,
662 1295 698 1324 ut
718 1289 787 1332 post
807 1273 1000 1322 exantlatum
1022 1287 1238 1322 incredibilem
1263 1277 1421 1321 malorum
1442 1289 1505 1322 vim
1527 1289 1692 1349 hostesque

169 1355 402 1396 triumphatos,
433 1352 615 1394 epinieium.
659 1352 729 1385 In
753 1351 860 1388 nostro
883 1351 1004 1390 Psalmo
1025 1350 1229 1392 observamus
1247 1349 1476 1393 perpe-monum
1498 1350 1693 1389 mentionem

170 1417 272 1458 magis
288 1414 529 1457 complicatam,
554 1414 717 1459 magisque
731 1413 819 1452 velut
842 1412 997 1455 abditam,
1027 1414 1186 1456 potiorem
1205 1419 1312 1446 autem
1327 1419 1448 1455 partem
1463 1412 1588 1458 longius
1608 1424 1628 1450 a
1641 1416 1692 1448 de-

170 1477 279 1513 missae
306 1483 338 1511 et
359 1475 510 1521 querulae
527 1475 759 1517 supplicationis
781 1476 888 1510 indole
910 1474 1030 1509 abelse-
1088 1477 1238 1512 Attamen
1260 1476 1360 1517 ipsum
1383 1475 1566 1515 exordium,
1590 1474 1693 1519 custodi

171 1546 219 1575 mc
233 1538 326 1577 Deus,
353 1535 641 1579 praesentissimum,
655 1537 756 1569 immo
771 1536 979 1579 graviffimum
988 1560 997 1578 ,
1018 1537 1103 1582 quod
1118 1537 1281 1579 personam
1295 1537 1329 1570 in
1350 1536 1413 1575 hoc
1426 1536 1547 1572 Psalmo
1562 1535 1691 1581 loquen.

171 1604 241 1641 tem
261 1597 423 1641 cingebat,
449 1597 641 1640 periculum,
665 1598 779 1639 innuit,

287 1703 318 1733 ψ
884 1694 910 1737 §·
952 1701 986 1735 4-

696 1773 829 1814 Oratio
844 1774 1097 1825 fizcerdotalis
1124 1773 1183 1823 est.

312 1866 347 1903 Si
370 1860 548 1902 orationem
571 1868 669 1910 ipsam
691 1869 725 1907 in
750 1869 812 1901 hoc
830 1868 953 1909 Psalmo
973 1873 1194 1904 occurrentem
1216 1868 1393 1909 intuemur,
1424 1869 1601 1903 invenimus
1626 1878 1696 1904 ora-
1746 1874 1750 1877 '

116 1974 125 1983 .
172 1928 295 1969 tionem
311 1929 544 1963 sacerdotalem.
614 1931 791 1968 Sacerdotis
816 1932 901 1963 enim
924 1931 1089 1972 personam
1112 1936 1280 1972 perpetuus
1310 1932 1428 1964 orantis
1451 1931 1555 1963 sermo
1576 1936 1692 1971 tuetur,

173 1991 312 2030 maxime
335 1996 456 2031 autem,
482 2002 564 2047 quae
586 1993 663 2026 vers.
678 2002 711 2038 4.
732 2001 761 2035 5.
776 1993 807 2026 6.
829 1992 995 2044 leguntur,
1026 1992 1203 2033 declarant,
1238 2003 1347 2025 veram
1368 1992 1427 2025 ess'e
1454 1977 1591 2025 nostram
1613 1987 1696 2027 hane

173 2052 376 2098 opinionem,
399 2063 493 2099 quam
505 2061 667 2095 praeterea
681 2056 775 2088 etiam
793 2065 832 2088 ex
847 2053 967 2097 legibus
981 2057 1022 2090 V.
1037 2056 1081 2088 T.
1097 2055 1266 2088 sacerdotis
1283 2054 1403 2100 optime
1419 2054 1575 2096 explicare
1596 2052 1695 2097 possu-

103 2119 108 2122 ’
171 2123 253 2145 mus.
326 2114 481 2155 Magnam
500 2125 597 2156 porro
619 2116 797 2150 invenimus
819 2108 1055 2150 similitudinem
1080 2122 1112 2149 et
1139 2105 1392 2171 convenientiam
1414 2117 1497 2149 inter
1519 2115 1694 2163 orationem

119 2229 133 2239 θ
170 2174 277 2215 illam,
302 2185 397 2226 quam
413 2177 544 2221 Joannis
560 2180 595 2213 C.
615 2189 667 2222 17·
678 2204 687 2221 ,
712 2177 858 2226 exhibet,
882 2184 915 2211 et
930 2178 1023 2223 inter·
1034 2180 1134 2255 hanc,
1160 2189 1240 2230 quae
1255 2175 1291 2212 in'
1304 2166 1426 2216 Psalmo
1439 2176 1547 2214 nostro
1562 2171 1688 2214 eitffit'.

1610 2246 1637 2307 9
1664 2268 1697 2305 5·
