1848 2429
868 226 904 269 §⁸
941 227 974 265 {a
1046 267 1051 269 ,

295 307 357 350 De
382 319 553 362 quanam
580 304 744 359 pevssma
764 305 870 356 ‚hunc
896 304 1091 358 Pstilmum
1109 305 1323 359 *intelligere
1346 302 1541 358 poffimus.

173 413 182 421 ’
241 413 253 417 ·“
298 406 328 436 A
349 403 460 445 primis
481 395 555 436 inde
569 400 765 444 temporibus
789 400 932 442 theologi
953 402 991 433 de
1010 402 1156 442 persona,
1181 410 1263 445 qnae
1280 401 1315 433 in
1327 401 1390 433 hoc
1403 399 1527 435 Psalmo
1543 398 1679 444 loquens

157 464 574 506 inducitur,'disceptarunt‚
599 470 631 498 et
645 464 734 504 sane,
758 463 823 498 hoc
836 468 925 496 certo
939 462 1083 503 definire,
1106 460 1229 496 difficile
1246 460 1299 497 est.
1347 463 1429 496 Non
1442 462 1553 495 desunt
1569 468 1678 496 autem

154 526 294 570 vestigia,
313 535 397 571 quae
410 530 566 559 attentum
580 524 731 560 leam-em
749 527 788 558 ad
804 526 995 568 securiorem
1011 524 1302 566 interpretationem
1320 525 1434 558 ducere
1448 523 1583 566 poss‘unt.
1630 525 1679 558 Ut

160 588 246 622 euim
264 593 354 624 antea
367 588 503 619 diximus
519 587 640 628 semper
657 588 691 619 in
704 588 767 624 hoc
781 586 904 625 Psalmo
916 587 1085 619 sacerdotis
1100 587 1219 619 orantis
1232 587 1335 619 ser-nio
1355 587 1511 625 occurrit,
1527 595 1626 627 porro
1643 585 1680 621 in.

160 646 306 682 omnibus
328 649 420 682 huius
441 647 554 681 Psalmi
579 648 681 681 effatis
698 647 822 682 nullum
843 649 875 682 se
899 647 1009 682 obiicit
1029 649 1259 690 praedicatum,
1284 648 1370 693 quod
1391 658 1458 680 non
1474 645 1626 689 aptiffime
1642 646 1679 680 il-

156 710 247 749 lustri
270 711 345 757 huic
360 709 516 752 ίιὼίεᾶο,
540 711 579 743 de
601 721 666 755 quo
686 711 867 753 praesertim
880 711 1015 745 Davides
1029 711 1063 744 in
1080 710 1207 743 Psalmis
1222 710 1348 753 copiose
1363 709 1518 754 loquitur,
1536 707 1677 752 Meffiae,

157 772 339 806 conveniat.

866 821 893 863 §-
936 819 970 854 6.

483 899 607 941 >Idem
635 912 682 941 ex
708 900 763 942 Ν.
797 903 841 942 T.
872 900 1095 952 testimoniis
1113 898 1319 951 stabilitur.

298 993 418 1036 Quodfi
433 996 507 1028 novi
521 995 658 1028 foederis
673 994 793 1029 tabulas
809 997 1015 1037 consulimus,
1040 998 1168 1029 Petrum
1190 996 1308 1036 pariter
1329 1005 1366 1027 ac
1384 994 1534 1034 Paulum,
1558 994 1613 1027 suo
1634 999 1681 1027 te-

158 1053 306 1089 stimonio
321 1057 406 1089 idem
425 1042 614 1089 confirmare
626 1058 786 1095 videmus,
810 1059 854 1090 ita
867 1065 903 1090 ut
925 1070 976 1091 res
990 1069 1046 1099 per
1061 1068 1157 1102 quam
1175 1056 1258 1089 clara
1275 1057 1425 1090 videatur.
1473 1058 1553 1090 Sunt
1573 1061 1681 1089 autem

157 1116 214 1160 qui
231 1121 358 1156 putent,
378 1115 547 1156 scriptores
566 1116 671 1148 sacros
685 1117 731 1149 N.
747 1114 791 1149 T.
815 1116 944 1149 oracula
957 1118 997 1149 V.
1015 1118 1057 1149 T.
1082 1117 1125 1148 ita
1148 1115 1304 1157 allegare,
1329 1122 1364 1148 ut
1384 1114 1480 1157 verba
1500 1127 1612 1149 eorum
1633 1126 1681 1149 re-

158 1176 262 1209 ferant
287 1176 432 1225 quidem,
464 1183 605 1209 ceterum
628 1177 662 1209 in
684 1176 778 1210 aliam
801 1178 927 1219 prorsus
954 1178 1140 1210 sententiam
1163 1178 1270 1209 eadem
1293 1177 1456 1219 accipiant.
1525 1179 1606 1209 Non
1628 1188 1680 1210 va-

159 1244 209 1270 cat
231 1239 290 1269 hoc
315 1236 404 1277 loco,
443 1249 502 1271 nec
524 1237 613 1271 lubet
634 1248 788 1272 canonem
810 1240 895 1271 hunc
917 1241 1188 1273 hermeneuticum
1211 1241 1347 1272 curatius
1371 1241 1579 1280 examinare,‘
1602 1241 1679 1284 quid

158 1296 345 1340 ceteroquin
361 1299 399 1329 ad
413 1295 565 1334 nonnulla
589 1299 610 1330 s.
625 1298 665 1331 sc.
690 1298 760 1332 loca
776 1298 860 1332 reae
873 1298 1072 1341 observatur,
1095 1288 1228 1333 fidenter
1242 1307 1347 1333 tamen
1365 1301 1579 1342 afl'everamus,
1605 1311 1678 1334 eum

160 1360 198 1391 ad
223 1358 384 1401 geminum
408 1362 492 1403 quod
517 1360 721 1394 excitavimus
744 1361 976 1404 testimonium,
1000 1369 1031 1396 et
1049 1364 1135 1408 quod
1160 1375 1176 1397 e
1192 1366 1217 1406 §.
1234 1364 1374 1408 sequenti
1391 1364 1500 1397 audire
1517 1363 1677 1404 volumus,

160 1419 312 1461 applicari
326 1429 389 1452 non
407 1420 501 1461 poss‘e.
1273 1463 1294 1484 ὑ

868 1471 894 1514 §-
936 1479 969 1512 7.

470 1548 566 1589 Loca
593 1549 677 1590 Αέἶ.
704 1550 752 1590 ΙΙ.
794 1558 831 1590 et
856 1550 940 1591 Αέῖ.
969 1552 1077 1592 ΧΙΙΙ.
1106 1554 1362 1595 adducuntur.

300 1627 410 1659 Petrus
428 1624 496 1660 Αίὶ.
515 1636 534 1660 2
545 1653 553 1668 ,
574 1637 615 1669 25
626 1645 673 1653 —
685 1637 738 1671 31.
759 1630 843 1662 hunc
857 1630 1015 1664 Psalmum
1033 1633 1071 1664 de
1085 1631 1195 1666 Meffia
1211 1634 1367 1675 explicam*
1388 1634 1489 1668 immo
1508 1635 1610 1667 causas
1626 1619 1677 1667 eir-

158 1687 335 1730 plicationis
350 1687 421 1719 suae
439 1688 572 1729 indicat,
595 1690 750 1723 Davidem
765 1691 818 1724 sua
832 1693 963 1734 persona
979 1693 1013 1725 in
1030 1694 1096 1726 hoc'
1105 1694 1228 1727 Psalmo
1245 1694 1335 1741 loqui
1349 1706 1413 1728 non
1431 1696 1524 1738 posse.
1564 1695 1679 1730 Paulus

159 1756 264 1783 autem
278 1751 307 1782 Α
334 1785 337 1792 ,
406 1751 445 1783 11.
466 1761 538 1783 cum
557 1760 597 1784 10
612 1752 657 1785 ΡΙ.
672 1752 769 1785 nostri
783 1754 906 1787 versum
922 1755 1087 1796 citavisset,
1109 1756 1249 1790 subiicit:
1272 1758 1407 1803 Davides
1422 1759 1549 1802 quidem
1565 1775 1612 1783 —
1631 1775 1680 1783 —

91 1844 94 1853 ι
158 1808 369 1843 obdormivit.
394 1805 581 1857 additusque
602 1815 640 1845 ad
662 1813 799 1846 maiores
821 1814 892 1846 suos
915 1819 1152 1857 corruptionem
1174 1819 1271 1859 passus
1288 1817 1347 1857 est,
1373 1825 1405 1851 et
1419 1820 1493 1863 quia
1509 1829 1526 1851 a
1542 1821 1613 1853 Deo
1628 1830 1680 1853 ex-

159 1873 273 1906 citatus*
295 1871 338 1906 est
360 1873 405 1912 (is
421 1884 498 1906 vero
522 1874 609 1919 Jesus
627 1881 694 1914 erat
718 1878 938 1918 Nazarenus),
963 1879 1094 1912 minime
1117 1880 1172 1912 ille
1194 1881 1430 1923 corruptionem
1454 1880 1556 1915 subiit.
1613 1884 1680 1916 Hic

159 1935 255 1967 etiam
278 1945 345 1967 non
366 1934 550 1977 allegoriam
572 1937 728 1970 iudaicam
753 1938 988 1982 intelligendam
1012 1941 1088 1982 esse,
1113 1943 1183 1974 satis
1208 1943 1405 1984 perspicuum
1425 1927 1487 1985 .est'
1511 1944 1586 1978 licet
1602 1956 1681 1979 non-

159 1995 240 2029 nulli
254 1997 469 2040 recentiorum
485 1998 566 2031 hanc
581 1999 764 2046 opinionem
776 1993 986 2036 'defendet-int.
1036 2005 1110 2037 Nec
1132 2006 1307 2046 poterimus
1322 2005 1446 2054 reliqua
1468 2008 1506 2039 ad
1525 2008 1681 2041 Davidem

158 2058 303 2097 trahere,
328 2058 363 2090 in
381 2070 477 2106 quem
492 2057 564 2101 ista,
584 2072 665 2106 quae
680 2073 720 2096 ex
734 2065 838 2097 media
855 2059 1000 2099 oratione
1013 2066 1102 2107 sunt,
1126 2074 1159 2099 et
1182 2067 1237 2100 tali
1262 2069 1407 2112 quidem,
1432 2079 1514 2114 quae
1533 2068 1680 2102 omnibus

158 2117 300 2159 partibus
316 2125 387 2161 apta
403 2127 438 2156 et
450 2122 621 2154 cohaerens
637 2122 697 2163 est,
719 2126 888 2160 convenire
904 2133 1067 2170 negantur
1114 2125 1209 2161 Reae
1224 2129 1318 2162 etiam
1336 2118 1532 2171 observatur,
1557 2130 1681 2174 phrafin

157 2176 273 2217 Psalmi
288 2181 458 2217 sacerdotis
471 2169 640 2227 personae,
661 2196 743 2235 quae
757 2188 872 2225 Davidi
887 2199 953 2227 uon
968 2191 1139 2233 competit,
1165 2192 1257 2227 unice
1272 2190 1380 2235 paffim
1394 2195 1573 2229 convenire.

1591 2278 1619 2319 §-
1646 2283 1679 2320 8.
